@MISC{llvmdoc:objectcache,
	AUTHOR = "TODO",
	TITLE = "{LLVM} {API} Documentation",
	HOWPUBLISHED = {\url{http://llvm.org/docs/doxygen/html/classllvm_1_1ObjectCache.html}},
	YEAR = {2015}	}


@MISC{llvmblog:kaleidoscope,
	AUTHOR = "Andy Kaylor",
	TITLE = "Object Caching with the Kaleidoscope Example Program --- {LLVM} Blog",
	HOWPUBLISHED = {\url{http://blog.llvm.org/2013/08/object-caching-with-kaleidoscope.html}},
	YEAR = {2015}	}

@MISC{llvmbugs:selinux,
	AUTHOR = "{LLVM bug tracker}",
	TITLE = "{LLVM} doesn't work with {SELinux}",
	HOWPUBLISHED = {\url{https://llvm.org/bugs/show_bug.cgi?id=6701}},
	YEAR = {2015}	}

@MISC{llvmbugs:llvmparsebitcode,
	AUTHOR = "{LLVM bug tracker}",
	TITLE = "{LLVMParseBitcode} and {LLVMParseBitcodeInContext} exit on error",
	HOWPUBLISHED = {\url{https://llvm.org/bugs/show_bug.cgi?id=22368}},
	YEAR = {2015}	}

@MISC{pythondoc:dis,
	AUTHOR = "TODO",
	TITLE = "Python Documentation: dis package",
	HOWPUBLISHED = {\url{https://docs.python.org/3.4/library/dis.html}},
	YEAR = {2015}	}

@MISC{wikipedia:cpython,
        AUTHOR = "Wikipedia",
        TITLE = "C{P}ython --- {W}ikipedia{,} The Free Encyclopedia",
	HOWPUBLISHED = {\url{https://en.wikipedia.org/wiki/CPython}},
	YEAR = {2015}	}

@MISC{wikipedia:psyco,
        AUTHOR = "Wikipedia",
        TITLE = "Psyco --- {W}ikipedia{,} The Free Encyclopedia",
	HOWPUBLISHED = {\url{https://en.wikipedia.org/wiki/Psyco}},
	YEAR = {2015}	}

@MISC{wikipedia:unladen_swallow,
        AUTHOR = "Wikipedia",
        TITLE = "Unladen {S}wallow --- {W}ikipedia{,} The Free Encyclopedia",
	HOWPUBLISHED = {\url{https://en.wikipedia.org/wiki/Unladen_Swallow}},
	YEAR = {2015}	}

@MISC{rtd:llvmlite,
        AUTHOR = "{l}lvmlite",
        TITLE = "Official documentation",
	HOWPUBLISHED = {\url{http://llvmlite.pydata.org/}},
	YEAR = {2015}	}

@MISC{numba:numba,
        AUTHOR = "Numba",
        TITLE = "Project homepage",
	HOWPUBLISHED = {\url{http://numba.pydata.org/}},
	YEAR = {2015}	}

@MISC{kleckner:unladen_swallow_post_mortem,
        AUTHOR = "Reid Kleckner",
        TITLE = "Unladen {S}wallow Retrospective",
	HOWPUBLISHED = {\url{http://qinsb.blogspot.fr/2011/03/unladen-swallow-retrospective.html}},
	YEAR = {2015}	}

@MISC{pypy:pypy,
        AUTHOR = "PyPy",
        TITLE = "Project homepage",
	HOWPUBLISHED = {\url{http://pypy.org}},
	YEAR = {2015}	}

@MISC{github:pyston,
        AUTHOR = "Pyston",
        TITLE = "Project page and wiki",
	HOWPUBLISHED = {\url{https://github.com/dropbox/pyston}},
	YEAR = {2015}	}


@inproceedings{rigo2004representation,
  title={Representation-based just-in-time specialization and the psyco prototype for python},
  author={Rigo, Armin},
  booktitle={Proceedings of the 2004 ACM SIGPLAN symposium on Partial evaluation and semantics-based program manipulation},
  pages={15--26},
  year={2004},
  organization={ACM}
}
